@article{Choi2014,
	doi = {10.1093/bioinformatics/btu305},
	url = {https://doi.org/10.1093%2Fbioinformatics%2Fbtu305},
	year = 2014,
	month = {may},
	publisher = {Oxford University Press ({OUP})},
	volume = {30},
	number = {17},
	pages = {2524--2526},
	author = {Meena Choi and Ching-Yun Chang and Timothy Clough and Daniel Broudy and Trevor Killeen and Brendan MacLean and Olga Vitek},
	title = {{MSstats}: an R package for statistical analysis of quantitative mass spectrometry-based proteomic experiments},
	journal = {Bioinformatics}
}
@article{Huang2020,
  doi = {10.1074/mcp.ra120.002105},
  url = {https://doi.org/10.1074/mcp.ra120.002105},
  year = {2020},
  month = jul,
  publisher = {American Society for Biochemistry {\&} Molecular Biology ({ASBMB})},
  volume = {19},
  number = {10},
  pages = {1706--1723},
  author = {Ting Huang and Meena Choi and Manuel Tzouros and Sabrina Golling and Nikhil Janak Pandya and Balazs Banfai and Tom Dunkley and Olga Vitek},
  title = {{MSstatsTMT}: Statistical Detection of Differentially Abundant Proteins in Experiments with Isobaric Labeling and Multiple Mixtures},
  journal = {Molecular {\&} Cellular Proteomics}
}
@article{McCarthy2012,
	doi = {10.1093/nar/gks042},
	url = {https://doi.org/10.1093%2Fnar%2Fgks042},
	year = 2012,
	month = {jan},
	publisher = {Oxford University Press ({OUP})},
	volume = {40},
	number = {10},
	pages = {4288--4297},
	author = {Davis J. McCarthy and Yunshun Chen and Gordon K. Smyth},
	title = {Differential expression analysis of multifactor {RNA}-Seq experiments with respect to biological variation},
	journal = {Nucleic Acids Research}
}
@article{Plubell2017,
  doi = {10.1074/mcp.m116.065524},
  url = {https://doi.org/10.1074/mcp.m116.065524},
  year = {2017},
  month = mar,
  publisher = {American Society for Biochemistry {\&} Molecular Biology ({ASBMB})},
  volume = {16},
  number = {5},
  pages = {873--890},
  author = {Deanna L. Plubell and Phillip A. Wilmarth and Yuqi Zhao and Alexandra M. Fenton and Jessica Minnier and Ashok P. Reddy and John Klimek and Xia Yang and Larry L. David and Nathalie Pamir},
  title = {Extended Multiplexing of Tandem Mass Tags ({TMT}) Labeling Reveals Age and High Fat Diet Specific Proteome Changes in Mouse Epididymal Adipose Tissue},
  journal = {Molecular {\&} Cellular Proteomics}
}
@article{Traag2019,
	doi = {10.1038/s41598-019-41695-z},
	url = {https://doi.org/10.1038%2Fs41598-019-41695-z},
	year = 2019,
	month = {mar},
	publisher = {Springer Science and Business Media {LLC}},
	volume = {9},
	number = {1},
	author = {V. A. Traag and L. Waltman and N. J. van Eck},
	title = {From Louvain to Leiden: guaranteeing well-connected communities},
	journal = {Scientific Reports}
}
@article{Bates2015,
	doi = {10.18637/jss.v067.i01},
	url = {https://doi.org/10.18637%2Fjss.v067.i01},
	year = 2015,
	publisher = {Foundation for Open Access Statistic},
	volume = {67},
	number = {1},
	author = {Douglas Bates and Martin MÃ¤chler and Ben Bolker and Steve Walker},
	title = {Fitting Linear Mixed-Effects Models Usinglme4},
	journal = {Journal of Statistical Software}
}
@article{Geladaki2019,
	doi = {10.1038/s41467-018-08191-w},
	url = {https://doi.org/10.1038%2Fs41467-018-08191-w},
	year = 2019,
	month = {jan},
	publisher = {Springer Science and Business Media {LLC}},
	volume = {10},
	number = {1},
	author = {Aikaterini Geladaki and Nina Ko{\v{c}}evar Britov{\v{s}}ek and Lisa M. Breckels and Tom S. Smith and Owen L. Vennard and Claire M. Mulvey and Oliver M. Crook and Laurent Gatto and Kathryn S. Lilley},
	title = {Combining {LOPIT} with differential ultracentrifugation for high-resolution spatial proteomics},
	journal = {Nature Communications}
}
@article{Kuznetsova2017,
  doi = {10.18637/jss.v082.i13},
  url = {https://doi.org/10.18637/jss.v082.i13},
  year = {2017},
  publisher = {Foundation for Open Access Statistic},
  volume = {82},
  number = {13},
  author = {Alexandra Kuznetsova and Per B. Brockhoff and Rune H. B. Christensen},
  title = {{lmerTest} Package: Tests in Linear Mixed Effects Models},
  journal = {Journal of Statistical Software}
}
