@article{Ping_2018,
	doi = {10.1038/sdata.2018.36},
	url = {https://doi.org/10.1038%2Fsdata.2018.36},
	year = 2018,
	month = {mar},
	publisher = {Springer Science and Business Media {LLC}},
	volume = {5},
	number = {1},
	author = {Lingyan Ping and Duc M. Duong and Luming Yin and Marla Gearing and James J. Lah and Allan I. Levey and Nicholas T. Seyfried},
	title = {Global quantitative analysis of the human brain proteome in Alzheimer's and Parkinson's Disease},
	journal = {Scientific Data}
}